<record xmlns="http://www.loc.gov/MARC21/slim" xmlns:xsi="http://www.w3.org/2001/XMLSchema-instance" xsi:schemaLocation="http://www.loc.gov/MARC21/slim http://www.loc.gov/standards/marcxml/schema/MARC21slim.xsd"><leader>02175nam a2200457   4500</leader><controlfield tag="001">001677026</controlfield><controlfield tag="003">NNU</controlfield><controlfield tag="006">m        d        </controlfield><controlfield tag="007">cr cn |||m|||a</controlfield><controlfield tag="008">150110s1949    ua      ob    001 0 arard</controlfield><datafield ind1=" " ind2=" " tag="040"><subfield code="a">NNU</subfield><subfield code="b">eng</subfield><subfield code="c">NNU</subfield></datafield><datafield ind1="1" ind2=" " tag="041"><subfield code="a">ara</subfield><subfield code="h">gre</subfield></datafield><datafield ind1=" " ind2="4" tag="050"><subfield code="a">B415.A8</subfield><subfield code="b">A7</subfield></datafield><datafield ind1="0" ind2=" " tag="100"><subfield code="6">880-01</subfield><subfield code="a">Aristotle.</subfield></datafield><datafield ind1="1" ind2="0" tag="240"><subfield code="a">De anima.</subfield><subfield code="l">Arabic</subfield></datafield><datafield ind1="1" ind2="0" tag="245"><subfield code="6">880-02</subfield><subfield code="a">Kita&#772;b al-Nafs</subfield><subfield code="h">[electronic resource] /</subfield><subfield code="c">li-Arist&#803;u&#772;t&#803;a&#772;li&#772;s ; naqalahu ila&#769; al-&#699;Arabi&#772;yah Ah&#803;mad Fu&#700;a&#772;d al-Ahwa&#772;ni&#772; ; ra&#772;ja&#699;ahu &#699;ala&#769; al-Yu&#772;na&#772;ni&#772;yah Ju&#772;rj Shih&#803;a&#772;tah Qanawa&#772;ti&#772;.</subfield></datafield><datafield ind1="1" ind2="0" tag="246"><subfield code="6">880-03</subfield><subfield code="a">Nafs</subfield></datafield><datafield ind1=" " ind2=" " tag="250"><subfield code="6">880-04</subfield><subfield code="a">al-T&#803;ab&#699;ah 1.</subfield></datafield><datafield ind1=" " ind2=" " tag="260"><subfield code="6">880-05</subfield><subfield code="a">[Cairo] :</subfield><subfield code="b">Da&#772;r Ih&#803;ya&#772;&#700; al-Kutub al-&#699;Arabi&#772;yah,</subfield><subfield code="c">1949.</subfield></datafield><datafield ind1=" " ind2=" " tag="300"><subfield code="a">online resource (15, 161 p.)</subfield></datafield><datafield ind1=" " ind2=" " tag="500"><subfield code="a">Part of the Arabic Collections Online (ACO) project, contributed by New York Univeristy Libraries.</subfield></datafield><datafield ind1=" " ind2=" " tag="504"><subfield code="a">Includes bibliographical references and index.</subfield></datafield><datafield ind1=" " ind2=" " tag="533"><subfield code="a">Electronic reproduction.</subfield><subfield code="b">New York, N.Y. :</subfield><subfield code="c">New York University,</subfield><subfield code="d">2015.</subfield><subfield code="5">NNU</subfield></datafield><datafield ind1=" " ind2="0" tag="650"><subfield code="a">Zoology</subfield><subfield code="v">Pre-Linnean works.</subfield></datafield><datafield ind1=" " ind2="7" tag="650"><subfield code="a">Zoology.</subfield><subfield code="2">fast</subfield><subfield code="0">(OCoLC)fst01184696</subfield></datafield><datafield ind1=" " ind2="7" tag="655"><subfield code="a">Early works.</subfield><subfield code="2">fast</subfield><subfield code="0">(OCoLC)fst01411636</subfield></datafield><datafield ind1="1" ind2=" " tag="700"><subfield code="6">880-06</subfield><subfield code="a">Ahwa&#772;ni&#772;, Ah&#803;mad Fu&#700;a&#772;d,</subfield><subfield code="d">-1970.</subfield></datafield><datafield ind1="1" ind2=" " tag="700"><subfield code="6">880-07</subfield><subfield code="a">Anawati, Georges C.,</subfield><subfield code="d">1905-1994</subfield></datafield><datafield ind1="2" ind2=" " tag="710"><subfield code="a">New York University.</subfield><subfield code="b">Libraries.</subfield></datafield><datafield ind1="0" ind2=" " tag="730"><subfield code="a">Arabic Collections Online.</subfield></datafield><datafield ind1="0" ind2="8" tag="776"><subfield code="i">Print version:</subfield><subfield code="a">Aristotle.</subfield><subfield code="t">Kita&#772;b al-Nafs</subfield><subfield code="w">(NNU)001677026</subfield></datafield><datafield ind1="4" ind2="0" tag="856"><subfield code="u">http://hdl.handle.net/2333.1/1vhhmjg5</subfield></datafield><datafield ind1="0" ind2=" " tag="880"><subfield code="6">100-01/</subfield><subfield code="a">&#1575;&#1585;&#1587;&#1591;&#1608;&#1591;&#1575;&#1604;&#1610;&#1587;.</subfield></datafield><datafield ind1="1" ind2="0" tag="880"><subfield code="6">245-02/</subfield><subfield code="a">&#1603;&#1578;&#1575;&#1576; &#1575;&#1604;&#1606;&#1601;&#1587; /</subfield><subfield code="c">&#1604;&#1575;&#1585;&#1587;&#1591;&#1608;&#1591;&#1575;&#1604;&#1610;&#1587; &#1563; &#1606;&#1602;&#1604;&#1607; &#1575;&#1604;&#1609; &#1575;&#1604;&#1593;&#1585;&#1576;&#1610;&#1577; &#1575;&#1581;&#1605;&#1583; &#1601;&#1572;&#1575;&#1583; &#1575;&#1604;&#1575;&#1607;&#1608;&#1575;&#1606;&#1610; &#1563; &#1585;&#1575;&#1580;&#1593;&#1607; &#1593;&#1604;&#1609; &#1575;&#1604;&#1610;&#1608;&#1606;&#1575;&#1606;&#1610;&#1577; &#1580;&#1608;&#1585;&#1580; &#1588;&#1581;&#1575;&#1578;&#1577; &#1602;&#1606;&#1608;&#1575;&#1578;&#1610;.</subfield></datafield><datafield ind1="1" ind2="0" tag="880"><subfield code="6">246-03/</subfield><subfield code="a">&#1606;&#1601;&#1587;</subfield></datafield><datafield ind1=" " ind2=" " tag="880"><subfield code="6">250-04/</subfield><subfield code="a">&#1575;&#1604;&#1591;&#1576;&#1593;&#1577; 1.</subfield></datafield><datafield ind1=" " ind2=" " tag="880"><subfield code="6">260-05/</subfield><subfield code="a">[Cairo] :</subfield><subfield code="b">&#1583;&#1575;&#1585; &#1575;&#1581;&#1610;&#1575;&#1569; &#1575;&#1604;&#1603;&#1578;&#1576; &#1575;&#1604;&#1593;&#1585;&#1576;&#1610;&#1577;&#1548;</subfield><subfield code="c">1949.</subfield></datafield><datafield ind1="1" ind2=" " tag="880"><subfield code="6">700-06/</subfield><subfield code="a">&#1575;&#1607;&#1608;&#1575;&#1606;&#1610;&#1548; &#1575;&#1581;&#1605;&#1583; &#1601;&#1572;&#1575;&#1583;&#1548;</subfield><subfield code="d">-1970.</subfield></datafield><datafield ind1="1" ind2=" " tag="880"><subfield code="6">700-07/</subfield><subfield code="a">&#1602;&#1606;&#1608;&#1575;&#1578;&#1610;&#1548; &#1580;&#1585;&#1580;&#1587; &#1548;</subfield><subfield code="d">1905-1994.</subfield></datafield><datafield ind1=" " ind2=" " tag="959"><subfield code="a">NNU</subfield><subfield code="b">WEB</subfield><subfield code="c">GENI</subfield><subfield code="t">0</subfield><subfield code="m">Electronic access</subfield><subfield code="s">01</subfield></datafield><datafield ind1=" " ind2=" " tag="999"><subfield code="i">NNU_001677026</subfield><subfield code="o" /><subfield code="e">(ERROR-880)</subfield></datafield></record>